@article{omaterna2013,
  author = "Mgr. Ondřej Materna",
  title = "Návrh a realizace právního portálu pro ESF MU",
  year = 2013
}

@misc{website:cors,
  author = "Monsur Hossain",
  title = {Using CORS},
  howpublished = {\url{http://www.html5rocks.com/en/tutorials/cors/}}
}

@misc{website:cors-filter,
  author = "[d]zhuvinov [s]oftware",
  title = "CORS filter",
  howpublished = {\url{http://software.dzhuvinov.com/cors-filter.html}}
}

@misc{website:wiki:cors 
  author = "",
  title = "Wikipedia: Cross-origin resource sharing",
  howpublished = {\url{http://en.wikipedia.org/wiki/Cross-origin_resource_sharing}}
}

@misc{website:drupal:optimizing
  author = "Vlad Savitsky",
  title = "Optimizing JavaScript and CSS-files in Drupal",
  howpublished = {\url{http://shvetsgroup.com/blog/optimizing-javascript-and-css-files-drupal}}
}

@misc{website:phing-drupal-template
  author = "Mads Høgstedt ",
  title = "Phing Drupal Template",
  howpublished = {\url{http://reload.github.io/phing-drupal-template/}}
}

@misc{website:phing-user-guide
  author = "",
  title = "Phing User Guide",
  howpublished = {\url{http://www.phing.info/docs/guide/stable/index.html}}
}

@misc{website:drupal-build-git
  author = "",
  title = "",
  howpublished = {\url{https://drupal.org/node/803746}}
}

@misc{website:breakpoints,
  author = "XOXCO",
  title = {{B}REAK {P}OINTS.JS},
  howpublished = {\url{http://xoxco.com/projects/code/breakpoints/}}
}

@misc{website:cms-market-share,
  author = "",
  title = "Market share trends for content management systems for websites",
  howpublished = {\url{http://w3techs.com/technologies/history_overview/content_management}}
}

@misc{website:wiki:drupal,
  author = "",
  title = "Wikipedia: Drupal",
  howpublished = {\url{http://en.wikipedia.org/wiki/Drupal}}
}

@misc{website:lighttpd-tomcat,
  author = "Major Hayden",
  title = Lighttpd Proxy To Tomcat,
  howpublished = {\url{http://major.io/2007/04/05/lighttpd-proxy-to-tomcat/}}
}

@misc{website:tomcat-deployment,
  author = "Apache Software Foundation",
  title = "Tomcat Web Application Deployment",
  howpublished = {\url{http://tomcat.apache.org/tomcat-7.0-doc/deployer-howto.html}}
}
